@book{Sal89,
author={Salton, Gerard},
year={1989},
title={Automatic Text Processing},
publisher={Addison-Wesley}
}



@article{Spa72,
author={{Sp\"arck Jones}, Karen},
year={1972},
title={A Statistical Interpretation of Term Specificity and its Application in Retrieval},
journal={Journal of Documentation},
volume={28},
number={1},
pages={11-21}
}


@book{MosWal64,
author={Mosteller, Fredrick and David Wallace},
year={1964},
title={Inference and Disputed Authorship: The Federalist},
publisher={Addison-Wesley},
address={Reading, Massachusetts}
}
@article{sproat2001normalization,
  title={Normalization of non-standard words},
  author={Sproat, Richard and Black, Alan W and Chen, Stanley and Kumar, Shankar and Ostendorf, Mari and Richards, Christopher},
  journal={Computer speech \& language},
  volume={15},
  number={3},
  pages={287--333},
  year={2001},
  publisher={Elsevier}
}
@incollection{Kay86,
  AUTHOR = {Kay, Martin},
  TITLE = {Parsing in Functional Unification Grammar},
  YEAR = {1986},
  BOOKTITLE = {Readings in Natural Language Processing},
  EDITOR = {B. J. Grosz and K. {Sp\"arck Jones} and B. L. Webber},
  PUBLISHER = {Morgan Kaufmann Publishers},
  ADDRESS = {Los Altos},
  PAGES = {125-138}
}

@inproceedings{xue2011normalizing,
  title={Normalizing microtext},
  author={Xue, Zhenzhen and Yin, Dawei and Davison, Brian D},
  booktitle={Workshops at the Twenty-Fifth AAAI Conference on Artificial Intelligence},
  year={2011}
}

@inproceedings{Bal+15,
    title = "Shared Tasks of the 2015 Workshop on Noisy User-generated Text: Twitter Lexical Normalization and Named Entity Recognition",
    author = "Baldwin, Timothy  and
      de Marneffe, Marie-Catherine  and
      Han, Bo  and
      Kim, Young-Bum  and
      Ritter, Alan  and
      Xu, Wei",
    booktitle = "Proceedings of the Workshop on Noisy User-generated Text",
    year = "2015",
    address = "Beijing, China",
    pages = "126--135",
}
